@book{Goldreich:2004:FCV:975541,
 author = {Goldreich, Oded},
 title = {Foundations of Cryptography: Volume 2, Basic Applications},
 year = {2004},
 isbn = {0521830842},
 publisher = {Cambridge University Press},
 address = {New York, NY, USA},
}

@article{Shor:1997:PAP:264393.264406,
 author = {Shor, Peter W.},
 title = {{Polynomial-Time Algorithms for Prime Factorization
  and Discrete Logarithms on a Quantum Computer}},
 journal = {SIAM J. Comput.},
 issue_date = {Oct. 1997},
 volume = {26},
 number = {5},
 month = oct,
 year = {1997},
 issn = {0097-5397},
 pages = {1484--1509},
 numpages = {26},
 url = {http://dx.doi.org/10.1137/S0097539795293172},
 doi = {10.1137/S0097539795293172},
 acmid = {264406},
 publisher = {Society for Industrial and Applied Mathematics},
 address = {Philadelphia, PA, USA},
}

@inproceedings{Grover:1996:FQM:237814.237866,
 author = {Grover, Lov K.},
 title = {A Fast Quantum Mechanical Algorithm for Database Search},
 booktitle = {Proceedings of the Twenty-eighth Annual ACM Symposium on Theory of Computing},
 series = {STOC '96},
 year = {1996},
 isbn = {0-89791-785-5},
 location = {Philadelphia, Pennsylvania, USA},
 pages = {212--219},
 numpages = {8},
 url = {http://doi.acm.org/10.1145/237814.237866},
 doi = {10.1145/237814.237866},
 acmid = {237866},
 publisher = {ACM},
 address = {New York, NY, USA},
}
