@book{Daemen:book:2002,
 author = {Daemen, J. and Rijmen, V.},
 title = {{The Design of Rijndael}},
 year = {2002},
 isbn = {3540425802},
 edition = {1st},
}

@inproceedings{Resner:inproc:2015:feb,
 doi = {10.5220/0005262701970206},
 author = {Resner, D. and Fröhlich, A. A.},
 title = {{Key Establishment and Trustful Communication for the Internet of
     Things}},
 year = {2015},
 month = feb,
 booktitle = {Proceedings of the Fourth International Conference on Sensor
     Networks},
 pages = {197--206},
 location = {Angers, France},
}

@inproceedings{Schwabe:inproc:2016:aug,
 doi = {10.1007/978-3-319-69453-5_10},
 author = {Schwabe, P. and Stoffelen, K.},
 title = {{All the AES You Need on Cortex-M3 and M4}},
 year = {2016},
 month = aug,
 booktitle = {Selected Areas in Cryptography --- {SAC 2016}},
 editor = {Avanzi, R. and Heys, H.},
 pages = {180--194},
 location = {St. John's, Canada},
 series = {Lecture Notes in Computer Science},
 volume = 10532,
 url = {https://eprint.iacr.org/2016/714},
}

@inproceedings{Bernstein:inproc:2005:feb,
 doi = {10.1007/11502760_3},
 author = {Bernstein, D. J.},
 title = {{The Poly1305-AES Message-Authentication Code}},
 year = {2005},
 month = feb,
 booktitle = {Fast Software Encryption},
 editor = {Gilbert, H. and Handschuh, H.},
 pages = {32--49},
 location = {Paris, France},
 series = {Lecture Notes in Computer Science},
 volume = 3557,
 url = {https://cr.yp.to/mac/poly1305-20041101.pdf},
}

@inproceedings{Biryukov:inproc:2017:jul,
 doi = {10.1007/978-3-319-61204-1_22},
 author = {Biryukov, A. and Dinu, D-D. and Le Corre, Y.},
 title = {{Side-Channel Attacks Meet Secure Network Protocols}},
 year = {2017},
 month = jul,
 booktitle = {Applied Cryptography and Network Security},
 editor = {Gollmann, D. and Miyaji, A. and Kikuchi, H.},
 pages = {435--454},
 location = {Kanazawa, Japan},
 series = {Lecture Notes in Computer Science},
 volume = 10355,
 url = {http://orbilu.uni.lu/handle/10993/31797},
}

@inproceedings{Kocher:inproc:1999:aug,
 doi = {https://doi.org/10.1007/3-540-48405-1_25},
 author = {Kocher, P. and Jaffe, J. and Jun, B.},
 title = {{Differential Power Analysis}},
 year = {1999},
 month = aug,
 booktitle = {Advances in Cryptology --- {CRYPTO’ 99}},
 editor = {Wiener, M.},
 pages = {388--397},
 location = {Santa Barbara, CA, USA},
 series = {Lecture Notes in Computer Science},
 volume = 1666,
}

@techreport{Texas:report:2013:may,
 author = {T.I.},
 title = {{CC2538 System-on-Chip Solution for 2.4-GHz IEEE 802.15.4 and
     ZigBee®/ZigBee IP® Applications}},
 year = {2013},
 month = may,
 type = {User's Guide},
 number = {SWRU319C},
 institution = {Texas Instruments},
 url = {http://www.ti.com/lit/ug/swru319c/swru319c.pdf},
}

@techreport{Kaliski:report:1998:mar,
 author = {Kaliski, B.},
 title = {{PKCS \#7: Cryptographic Message Syntax Version 1.5}},
 year = {1998},
 month = mar,
 type = {Request for Comments},
 number = {2315},
 institution = {Internet Engineering Task Force},
 url = {https://tools.ietf.org/html/rfc2315},
}
